%% LaTeX2e file `references.bib'
%% generated by the `filecontents' environment
%% from source `test' on 2023/03/22.
%%
@article{siemens2011penetrating,
  title  ={Penetrating the fog: Analytics in learning and education.},
  author ={Siemens, George and Long, Phil},
  journal={EDUCAUSE Review},
  volume ={46},
  number ={5},
  pages  ={30},
  year   ={2011},
  publisher={ERIC}
}
